<record><leader>01821nam a2200505 i 4500</leader><controlfield tag="001">6706345</controlfield><controlfield tag="003">OCoLC</controlfield><controlfield tag="005">20141008152131.0</controlfield><controlfield tag="006">m     o  d        </controlfield><controlfield tag="007">cr |||</controlfield><controlfield tag="008">140722s2015    nju     ob    001 0 eng  </controlfield><datafield ind1=" " ind2=" " tag="010"><subfield code="a">  2014029109</subfield></datafield><datafield ind1=" " ind2=" " tag="020"><subfield code="a">9781118892114 (electronic bk.)</subfield></datafield><datafield ind1=" " ind2=" " tag="020"><subfield code="a">1118892119 (electronic bk.)</subfield></datafield><datafield ind1=" " ind2=" " tag="020"><subfield code="a">9781118892053 (electronic bk.)</subfield></datafield><datafield ind1=" " ind2=" " tag="020"><subfield code="a">1118892054 (electronic bk.)</subfield></datafield><datafield ind1=" " ind2=" " tag="020"><subfield code="z">9781118892022</subfield></datafield><datafield ind1=" " ind2=" " tag="020"><subfield code="z">111889202X</subfield></datafield><datafield ind1=" " ind2=" " tag="020"><subfield code="z">9781118888957 (cloth)</subfield></datafield><datafield ind1=" " ind2=" " tag="035"><subfield code="a">ocn884500509</subfield></datafield><datafield ind1=" " ind2=" " tag="039"><subfield code="a">exclude</subfield></datafield><datafield ind1=" " ind2=" " tag="040"><subfield code="a">DLC</subfield><subfield code="b">eng</subfield><subfield code="e">rda</subfield><subfield code="c">DLC</subfield><subfield code="d">OCLCO</subfield><subfield code="d">N$T</subfield><subfield code="d">DG1</subfield><subfield code="d">AEU</subfield></datafield><datafield ind1=" " ind2=" " tag="042"><subfield code="a">pcc</subfield></datafield><datafield ind1="1" ind2="0" tag="050"><subfield code="a">QD505</subfield></datafield><datafield ind1=" " ind2="7" tag="072"><subfield code="a">SCI</subfield><subfield code="x">013050</subfield><subfield code="2">bisacsh</subfield></datafield><datafield ind1="0" ind2="0" tag="082"><subfield code="a">541/.395</subfield><subfield code="2">23</subfield></datafield><datafield ind1=" " ind2=" " tag="090"><subfield code="a">Internet Access</subfield><subfield code="b">AEU</subfield></datafield><datafield ind1="1" ind2=" " tag="100"><subfield code="a">N&#248;rskov, Jens K.</subfield></datafield><datafield ind1="1" ind2="0" tag="245"><subfield code="a">Fundamental concepts in heterogeneous catalysis /</subfield><subfield code="c">Jens K. Norskov, Felix Studt, Frank Abild-Pedersen, Thomas Bligaard.</subfield></datafield><datafield ind1=" " ind2="1" tag="264"><subfield code="a">Hoboken, New Jersey :</subfield><subfield code="b">Wiley,</subfield><subfield code="c">[2015]</subfield></datafield><datafield ind1=" " ind2=" " tag="300"><subfield code="a">1 online resource.</subfield></datafield><datafield ind1=" " ind2=" " tag="336"><subfield code="a">text</subfield><subfield code="b">txt</subfield><subfield code="2">rdacontent</subfield></datafield><datafield ind1=" " ind2=" " tag="337"><subfield code="a">computer</subfield><subfield code="b">n</subfield><subfield code="2">rdamedia</subfield></datafield><datafield ind1=" " ind2=" " tag="338"><subfield code="a">online resource</subfield><subfield code="b">nc</subfield><subfield code="2">rdacarrier</subfield></datafield><datafield ind1=" " ind2=" " tag="504"><subfield code="a">Includes bibliographical references and index.</subfield></datafield><datafield ind1=" " ind2=" " tag="506"><subfield code="a">Access restricted to authorized users and institutions.</subfield></datafield><datafield ind1=" " ind2=" " tag="588"><subfield code="a">Description based on print version record and CIP data provided by publisher; resource not viewed.</subfield></datafield><datafield ind1=" " ind2=" " tag="596"><subfield code="a">44</subfield></datafield><datafield ind1=" " ind2="0" tag="650"><subfield code="a">Heterogeneous catalysis.</subfield></datafield><datafield ind1="1" ind2=" " tag="700"><subfield code="a">Studt, Felix.</subfield></datafield><datafield ind1="1" ind2=" " tag="700"><subfield code="a">Abild-Pedersen, Frank.</subfield></datafield><datafield ind1="1" ind2=" " tag="700"><subfield code="a">Bligaard, Thomas.</subfield></datafield><datafield ind1="4" ind2="0" tag="856"><subfield code="3">University of Alberta Access</subfield><subfield code="u">http://dx.doi.org/10.1002/9781118892114</subfield><subfield code="z">(Unlimited Concurrent Users)</subfield></datafield><datafield ind1=" " ind2=" " tag="949"><subfield code="h">UAIN</subfield><subfield code="z">WILEYOL</subfield></datafield><datafield ind1=" " ind2=" " tag="926"><subfield code="a">Internet Access</subfield><subfield code="w">LC</subfield><subfield code="c">1</subfield><subfield code="i">6706345-1001</subfield><subfield code="l">INTERNET</subfield><subfield code="m">UAINTERNET</subfield><subfield code="r">Y</subfield><subfield code="s">Y</subfield><subfield code="t">E-RESOURCE</subfield><subfield code="u">10/10/2014</subfield><subfield code="x">E-BOOK</subfield><subfield code="z">WILEYOL</subfield></datafield></record>